<?xml version="1.0" encoding="UTF-8"?><collection xmlns="http://www.loc.gov/MARC21/slim"><record><leader>00402nam--2200109-i-4500</leader><controlfield tag="001">000006938</controlfield><controlfield tag="002">20161230</controlfield><controlfield tag="005">20161230201027</controlfield><controlfield tag="008">060222s1000------------r-----000-0-eng-d</controlfield><datafield ind1=" " ind2=" " tag="245"><subfield code="a">Colloque sur les effets chimiques des reactions nucleaires et des transformations radioactives. vienne, 7-11 dec., 1964. resumes des memoires</subfield></datafield><datafield ind1=" " ind2=" " tag="260"><subfield code="a">Vienne, Agence Intern.De L Energie Atom., 1964 (Pag.Dif)</subfield></datafield><datafield ind1=" " ind2=" " tag="852"><subfield code="a">20106</subfield></datafield></record></collection>